@article{GeoSurfaceBrowsingToolMapBased, 
author={Kikuo Asai and Tomotsugu Kondo and Hideaki Kobayash and Akira Mizuki},
title={A Geographic Surface Browsing Tool Using Map-based Augmented Reality},
journal={International Conference Visualisation},
year={2008} }


@article{ARMuseumGuide, 
author={T. Miyashita and P. Meier and T. Tachikawa and S. Orlic and T. Eble and V. Scholz and A. Gapel and O. Gerl and S. Arnaudov and S. Lieberknecht},
title={An Augmented Reality Museum Guide},
journal={IEEE International Symposium on Mixed and Augmented Reality},
year={2008} }


@article{ARCADE, 
author={Michael R. Lyu and Irwin King and T.T. Wong and Edward Yau and P.W. Chan},
title={ARCADE: Augmented Reality Computing Arena for Digital Entertainment},
journal={Aerospace Conference, 2005 IEEE},
year={2005} }


@article{ARPaperMap, 
author={Adithya C and Kowsik K and Namrata D and Nageli V S and Sangeeta Shrivastava and S Rakshit},
title={Augmented Reality Approach for Paper Map Visualization},
journal={International Conference on Communication and Computational Intelligence},
year={2010} }


@article{MOOAR, 
author={Chang, W.},
title={Multi-Object Oriented Augmented Reality for Location-Based Adaptive Mobile Learning},
journal={IEEE 10th International Conference on Advanced Learning Technologies (ICALT)},
year={2010} }

@article{MOOAR_Study, 
author={William Chang and Qing Tan},
title={Augmented Reality System Design and Scenario Study for Location-based Adaptive Mobile Learning},
journal={13th IEEE International Conference on Computational Science and Engineering},
year={2010} }


@article{CameraPoseNavigation, 
author={Jun Shingu and Eleanor Rieffel and Don Kimber and Jim Vaughan and Pernilla Qvarfordt and Kathleen Tuite},
title={Camera Pose Navigation using Augmented Reality},
journal={IEEE International Symposium on Mixed and Augmented Reality},
year={2010} }


@article{DevActuallyRegistration, 
author={Li Yi-bo and Kang Shao-peng and Qiao Zhi-hua and Zhu Qiong},
title={Development Actuality and Application of Registration Technology in Augmented Reality},
journal={International Symposium on Computational Intelligence and Design},
year={2008} }


@article{ImgProccessing, 
author={Jaeyoung Kim and Heesung Jun},
title={Implementation of Image Processing and Augmented Reality Programs for Smart Mobile Device},
journal={The 6th International Forum on Strategic Technology},
year={2011} }


@article{HereWeAreWhereWeAre, 
author={Evan Barba and Blair MacIntyre and Elizabeth D. Mynatt},
title={Here We Are! Where Are We? Locating Mixed Reality in The Age of the Smartphone},
journal={Proceedings of the IEEE},
year={2012} }


@article{BooksOnAShelf, 
author={David Chen and Sam Tsai and Cheng-Hsin Hsu and Jatinder Pal Singh and Bernd Girod},
title={Mobile Augmented Reality For Books Ona A Shelf},
journal={IEEE International Conference on Multimedia and Expo (ICME)},
year={2011} }


@article{HouseOfOlbrich, 
author={Jens Keil and Michael Zöllner and Mario Becker and Folker Wientapper and Timo Engelke and Harald Wuest},
title={The House of Olbrich - An Augmented Reality Tour through Architectural History},
journal={IEEE International Symposium on Mixed and Augmented Reality},
year={2011} }


@article{ARFeatureMaching, 
author={Ruobing Yang},
title={The Study and Improvement of Augmented Reality Based on Feature Maching},
journal={IEEE 2nd International Conference on Software Engineering and Service Science (ICSESS)},
year={2011} }


@article{TrendsInAR,
author={Feng Zhou and Henry Been-Lirn Duh and Mark Billinghurst},
title={Trends in Augmented Reality Tracking, Interaction and Display: A Review of Ten Years of ISMAR},
journal={IEEE International Symposium on Mixed and Augmented Reality },
year={2008} }


@article{AReX, 
author={Wannisa Matcha and Dayang Rohaya Awang Rambli},
title={Development and Preliminary Investigation of Augmented Reality Experiment Simulation (AReX) Interface},
journal={National Postgraduate Conference (NPC)},
year={2011} }


@article{SurveyAR, 
author={Ronald T. Azuma},
title={A Survey of Augmented Reality},
journal={Teleoperators and Virtual Environments},
year={1997} }



@article{AdvancesAR, 
author={Azuma, R. and Baillot, Y. and Behringer, R. and Feiner, S. and Julier, S. and MacIntyre, B.},
title={Recent Advances in Augmented Reality},
journal={IEEE Computer Graphics and Applications},
year={2001} }




@article{AppsHandheldDevices, 
author={B. Patten and I. A. Saánchez and B. Tangney.},
title={Designing Collaborative, Constructionist and Contextual Applications for Handheld Devices},
journal={Computers and Education 46},
year={2006} }



@article{FieldTrips, 
author={M. Michie.},
title={Factors Influencing Secondary Science Teachers to Organise and Conduct Field Trips},
journal={Australian Science Teacher’s Journal},
year={1998} }


@article{AffineTransform, 
author={Koenderink JJ and AJ van Doorn},
title={Affine Structure From Motion},
journal={Journal of the Optical Society of America},
year={1991} }


@article{ExperiencesWithHandheldAR, 
author={Dieter Schmalstieg and Daniel Wagner},
title={Experiences with Handheld Augmented Reality},
journal={6th IEEE and ACM International Symposium on Mixed and Augmented Reality (ISMAR)},
year={2007} }


@article{DevGenARInterface, 
author={I. Poupyrev and D. S. Tan and M. Billinghurst and H. Kato and H. Regenbrecht and T. Tetsutani},
title={Developing a Generic Augmented Reality Interface},
journal={IEEE Computer},
year={2002} }


@article{AugmentedMaps, 
author={J. Bobrich and S. Otto},
title={Augmented Maps},
journal={Symposium on Geospatial Theory, Processing, and Applications, in IAPRS},
year={2002} }

@mastersthesis{HandheldAR,
author = {D. Wagner},
title = {Handheld Augmented Reality (Dissertation)},
school = {Graz University of Technology, Institute for Computer Graphics and Vision},
address = {Graz, Austria},
year = {2007} }



@misc{Archeoguide,
author = {V. Vlahakis and J. Karigiannis and N. Ioannidis},
title = {Augmented Reality Touring of Archaeological Sites With the Archeoguide System},
year = {2003}
}



@article{HybridTrackingOutdoorAR, 
author={Bolan Jiang and Ulrich Neumann and Suya You},
title={A Robust Hybrid Tracking System for Outdoor Augmented Reality},
journal={EEE Virtual Reality},
year={2004} }


@article{HybridTrackingForGIS, 
title={Hybrid Tracking for Augmented Reality GIS Registration},
author={Sun Min and Li Mei and Zhang Feizhou and Wang Zhipeng and Wu Daozheng},
journal={Frontier of Computer Science and Technology},
year={2007} }



@monography{ARColaborativa,
address={Recife-PE},
author={Anderson Carlos Moreira Tavares},
pages={72},
type={Graduação},
school={Escola Politécnica de Pernambuco},
title={APLICAÇÃO DE UM AMBIENTE VIRTUAL COLABORATIVO UTILIZANDO REALIDADE AUMENTADA},
year={2009}}


@article{TheUltimateDisplay, 
title={The Ultimate Display},
author={I. Sutheland},
journal={IFIP ‘65},
year={1965} }




@article{Feto3D, 
title={Merging Virtual Reality with the Real World: Seeing Ultrasound Imagery Within the Patient},
author={Bajura and Mike and Henry Fuchs and Ryutarou Ohbuchi},
journal={Proceedings of SIGGRAPH},
year={1992} }


@article{LaserPrinterAR, 
title={Knowledge-based Augmented Reality},
author={Feiner, Steven and Blair MacIntyre and Dorée Seligmann},
journal={Communications of the ACM 36},
year={1993} }



@article{RobotAR1, 
title={Applications of Augmented Reality for Human-Robot Communication},
author={Milgram, Paul and Shumin Zhai and David Drascic and Julius J. Grodski},
journal={Proceedings of International Conference on Intelligent Robotics and Systems},
year={1993} }


@article{RobotAR2, 
title={Stereoscopic Vision and Augmented Reality},
author={Drascic, David},
journal={Scientific Computing and Automation 9},
year={1993} }


@article{RobotAR3, 
title={Advanced Teleoperation, Graphics Aids, and Application to Time Delay Environments},
author={Kim, Won S},
journal={Proceedings of the 1st Industrial Virtual Reality Show and Conference},
year={1993} }


@article{ArtificialLife, 
title={Artificial Life Meets Entertainment: Lifelike Autonomous Agents},
author={Maes, Pattie},
journal={CACM 38},
year={1995} }



@ONLINE{QRCodeSite,
author = {QRCode.com},
title = {QRCode.com},
year = {2013},
url = {http://www.qrcode.com/en/}
}



@article{AffineStructure, 
title={Affine Structure From Motion},
author={Koenderink JJ and AJ van Doorn},
journal={Journal of the Optical Society of America},
year={1991} }










